@Article{Anderson2002,
 author = {Anderson et al.},
 title = {Study of the anomalous acceleration of Pioneer 10 and 11},
 journal = {Phys. Rev. D},
 volume = {65},
 number = {082004},
 year = {2002},
 eprint = "arXiv:gr-qc/0104064v5",
}
